@misc{IFML:Design,
    title = {{IFML: The Interaction Flow Modeling Language | The OMG standard for front-end design}},
    url = {https://www.ifml.org/}
}

@misc{UMLWebsite,
    title = {{UML Website}},
    url = {http://www.uml.org/}
}